@misc{Brieger,
	AUTHOR = {Brieger, Silas Markus},
	YEAR = {2014},
	TITLE = {{Aufbereitung und Umstrukturierung Webseiten spezifischer Daten in OWL}},
	SCHOOL = {Hochschule RheinMain},
}

@article{url_dl_primer,
  author    = {Markus Kr{\"{o}}tzsch and
               Frantisek Simancik and
               Ian Horrocks},
  title     = {A Description Logic Primer},
  journal   = {CoRR},
  volume    = {abs/1201.4089},
  year      = {2012},
  url       = {http://arxiv.org/abs/1201.4089},
  timestamp = {Wed, 10 Oct 2012 21:28:47 +0200},
  biburl    = {http://dblp.uni-trier.de/rec/bib/journals/corr/abs-1201-4089},
  bibsource = {dblp computer science bibliography, http://dblp.org}
}

@manual{abrupt,
	AUTHOR = {Hochschule RheinMain},
	YEAR = {2014},
	TITLE = {Automated Reasoning for Web Usability Problems},
	ADDRESS = {http://wba.cs.hs-rm.de/AbRUPt/service/},
}

@article{ruby-rdf,
    AUTHOR = {Arto Bendiken, Ben Lavender, Gregg Kellogg},
    YEAR = {2015},
    TITLE = {ruby-rdf/rdf},
    ADDRESS = {http://rubygems.org/gems/rdf},
}

@article{owl2rl,
    AUTHOR = {W3C},
    YEAR = {2012},
    TITLE = {OWL 2 Web Ontology Language 
Profiles},
    EDITION = {2},
    ADDRESS = {http://www.w3.org/TR/owl2-profiles/#OWL_2_RL}
}

@article{owl2rif,
    AUTHOR = {W3C},
    YEAR = {2013},
    TITLE = {OWL 2 RL in RIF},
    EDITION = {2},
    ADDRESS = {http://www.w3.org/TR/rif-owl-rl},
}

@article{lesbarkeit,
    AUTHOR = {Schopp, Jürgen F.},
    YEAR = {2003},
    TITLE = {Faktoren der Lesbarkeit},
    ADDRESS = {http://people.uta.fi/~trjusc/tt-lesbk.htm},
}    

@inproceedings{hybrid_reasoning,
 author = {Song, Weihong and Spencer, Bruce and Du, Weichang},
 title = {Hybrid Reasoning for Ontology Classification},
 booktitle = {Proceedings of the 24th Canadian Conference on Advances in Artificial Intelligence},
 series = {Canadian AI'11},
 year = {2011},
 isbn = {978-3-642-21042-6},
 location = {St. John's, Canada},
 pages = {372--376},
 numpages = {5},
 url = {http://dl.acm.org/citation.cfm?id=2018192.2018236},
 acmid = {2018236},
 publisher = {Springer-Verlag},
 address = {Berlin, Heidelberg},
 keywords = {classification, complex ontology, hybrid reasoning, resolution, tableau},
} 

@inproceedings{web_forms,
    AUTHOR = {Martin, Ludger},
    TITLE = {A RESTful Web Service to Estimating Time Requirements
for Web Forms},
    BOOKTITLE = {International Journal of Knowledge and Web Intelligence},
    VOLUME = {5},
    NUMBER = {1},
    PAGES = {62 -- 75},
    YEAR = {2014}
}

@inproceedings{subject,
    AUTHOR = {Martin, Ludger},
    TITLE = {Subject Classification of Web Pages},
    BOOKTITLE = {International Conference WWW/Internet 2012}, 
    YEAR = {2012},
    PAGES = {298 -- 306},
    ISBN = {978-989-8533-09-8}
}

@inproceedings{readability,
    AUTHOR = {Martin, Ludger and Gottron, Thomas}
    TITLE = {Readability and the Web}
    BOOKTITLE = {Future Internet},
    PAGES = {238 -- 252},
    YEAR = {2012}
}

@book{foundations,
	AUTHOR = {Hitzler, Pascal AND Krötzsch, Markus AND Rudolph, Sebastian},
	YEAR = {2009},
	TITLE = {Foundations of Semantic Web Technologies},
	EDITION = {},
	ISBN = {978-1-420-09051-2},
	PUBLISHER = {CRC Press},
	ADDRESS = {Boca Raton, Fla},
}

@book{web_primer,
	AUTHOR = {Antoniou, Grigoris AND Groth, Paul AND Harmelen, Frank Van},
	YEAR = {2012},
	TITLE = {A Semantic Web Primer},
	EDITION = {3},
	ISBN = {978-0-262-01828-9},
	PUBLISHER = {MIT Press},
	ADDRESS = {Cambridge},
}
    
